<?xml version="1.0" encoding="UTF-8"?><collection xmlns="http://www.loc.gov/MARC21/slim"><record><leader>00353nam--2200121-i-4500</leader><controlfield tag="001">000041556</controlfield><controlfield tag="002">20161230</controlfield><controlfield tag="005">20161230201043</controlfield><controlfield tag="008">060222s1000------------r-----000-0-eng-d</controlfield><datafield ind1=" " ind2=" " tag="100"><subfield code="a">Sienko,M.J</subfield></datafield><datafield ind1=" " ind2=" " tag="245"><subfield code="a">Freshman chemistry problems and how to solve them. part.2:equilibrium</subfield></datafield><datafield ind1=" " ind2=" " tag="260"><subfield code="a">New York, W.A.Benjamin Inc.,1964. Vi+/-347-563/P.Xxi</subfield></datafield><datafield ind1=" " ind2=" " tag="852"><subfield code="a">21868</subfield></datafield></record></collection>